<?xml version="1.0" encoding="UTF-8"?><collection><record><leader>01305ntm a2200313 a 4500</leader><controlfield tag="001">002631722</controlfield><controlfield tag="003">MiAaHDL</controlfield><controlfield tag="005">20190719000000.0</controlfield><controlfield tag="006">m        d        </controlfield><controlfield tag="007">cr bn ---auaua</controlfield><controlfield tag="008">930614s18uu    xx            00||  ara d</controlfield><datafield tag="035" ind1=" " ind2=" "><subfield code="a">(MiU)002631722</subfield></datafield><datafield tag="035" ind1=" " ind2=" "><subfield code="a">sdr-miu002631722</subfield></datafield><datafield tag="035" ind1=" " ind2=" "><subfield code="a">(OCoLC)34366200</subfield></datafield><datafield tag="035" ind1=" " ind2=" "><subfield code="a">(RLIN)MIUH93-A73</subfield></datafield><datafield tag="040" ind1=" " ind2=" "><subfield code="a">MiU</subfield><subfield code="c">MiU</subfield><subfield code="e">appm</subfield></datafield><datafield tag="041" ind1="0" ind2=" "><subfield code="a">ara</subfield><subfield code="a">phi</subfield></datafield><datafield tag="245" ind1="0" ind2="0"><subfield code="a">Book of devotions :</subfield><subfield code="k">manuscript,</subfield><subfield code="f">[19th century?].</subfield></datafield><datafield tag="300" ind1=" " ind2=" "><subfield code="a">1</subfield><subfield code="f">v. ([52] p.) ;</subfield><subfield code="c">21 cm.</subfield></datafield><datafield tag="500" ind1=" " ind2=" "><subfield code="a">Watermarks: initials A.R.T. with crown and shield; cursive monogram AG or GA.</subfield></datafield><datafield tag="500" ind1=" " ind2=" "><subfield code="a">Text enclosed in thin triple border; borders decorated in Maranao style in black, red, and yellow. Work created in the Philippines.</subfield></datafield><datafield tag="520" ind1=" " ind2=" "><subfield code="a">Praises of the Prophet Muhammad in Arabic; nonreligious verses in margins in Maranao.</subfield></datafield><datafield tag="538" ind1=" " ind2=" "><subfield code="a">Mode of access: Internet.</subfield></datafield><datafield tag="541" ind1=" " ind2=" "><subfield code="d">1932</subfield><subfield code="3">Manuscript</subfield><subfield code="a">Alfred, 1932</subfield><subfield code="c">Gift</subfield></datafield><datafield tag="561" ind1=" " ind2=" "><subfield code="a">"Presented to the university by Captain A. R. Alfred, in November, 1932." -- note on card in repository.</subfield></datafield><datafield tag="600" ind1="0" ind2="0"><subfield code="a">Muḥammad,</subfield><subfield code="c">Prophet,</subfield><subfield code="d">-632</subfield><subfield code="v">Prayers and devotions.</subfield></datafield><datafield tag="650" ind1=" " ind2="0"><subfield code="a">Maranao language.</subfield></datafield><datafield tag="650" ind1=" " ind2="0"><subfield code="a">Manuscripts, Maranao</subfield><subfield code="z">Michigan</subfield><subfield code="z">Ann Arbor.</subfield></datafield><datafield tag="650" ind1=" " ind2="0"><subfield code="a">Manuscripts, Arabic</subfield><subfield code="z">Michigan</subfield><subfield code="z">Ann Arbor.</subfield></datafield><datafield tag="CID" ind1=" " ind2=" "><subfield code="a">002631722</subfield></datafield><datafield tag="DAT" ind1="0" ind2=" "><subfield code="a">20190719102632.0</subfield><subfield code="b">20190719000000.0</subfield></datafield><datafield tag="DAT" ind1="1" ind2=" "><subfield code="a">20190719090653.0</subfield><subfield code="b">2019-07-19T16:10:44Z</subfield></datafield><datafield tag="DAT" ind1="2" ind2=" "><subfield code="a">2015-10-02T18:00:03Z</subfield><subfield code="b">2014-03-05T21:00:03Z</subfield></datafield><datafield tag="CAT" ind1=" " ind2=" "><subfield code="a">SDR-MIU</subfield><subfield code="d">EX LIBRIS - ALEPH</subfield><subfield code="l">prepare.pl-004-008</subfield></datafield><datafield tag="FMT" ind1=" " ind2=" "><subfield code="a">BK</subfield></datafield><datafield tag="HOL" ind1=" " ind2=" "><subfield code="0">sdr-miu002631722</subfield><subfield code="a">MiU</subfield><subfield code="b">SDR</subfield><subfield code="c">MIU</subfield><subfield code="p">mdp.39015081447578</subfield><subfield code="s">MIU</subfield><subfield code="1">002631722</subfield></datafield><datafield tag="974" ind1=" " ind2=" "><subfield code="b">MIU</subfield><subfield code="c">MIU</subfield><subfield code="d">20190719</subfield><subfield code="s">lit-dlps-dc</subfield><subfield code="u">mdp.39015081447578</subfield><subfield code="y">1899</subfield><subfield code="r">pd</subfield><subfield code="q">exp</subfield></datafield></record></collection>